@manual{furtado:2009,
	Author = {Celso Furtado and Rosa Freire D'Aguiar Furtado},
	Title = {Formação Econômica do Brasil},
	Year = {2009},
	Address = {São Paulo, Brasil},
	Pages = {},
	isbn = {},
}

@manual{gruber:1992,
	Author = {Thomas R. Gruber},
	Title = {A Translation Approach to Portable Ontology Specifications},
	Year = {1992},
	Address = {Stanfor, Californial},
	Pages = {1992-220},
	isbn = {},
}

@inproceedings{soviero1997,
	Author = {P. A. O. Soviero and L. G. M. Lavagna},
	Title = {A Numerical Model for Thin Airfoils in Unsteady Motion},
	Year = {1997},
	Pages = {332-340},
	Volume = {19},
	Number = {3},
	Booktitle = {Journal of the Brazilian Societyt Mechanical Sciences},	
}

@inproceedings{berners:2001,
	Author = {Tim Berners-Lee and James Hendler and Ora Lassila},
	Title = {The Semantic Web},
	Year = {2001},
	Pages = {34-43},
	Volume = {},
	Number = {5},
	Booktitle = {},	
}

@inproceedings{sparrow1980,
	Author = {E. M. Sparrow},
	Title = {Forced Convection Heat Transfer in a Duct Having Spanwise-Periodic
	Rectangular Protuberances},
	Year = {1980},
	Pages = {149-167},
	Volume = {3},
	Booktitle = {Numerical Heat Transfer},
}

@article{roque:2012,
	Author = {Thâmara Roque},
	Title = {Comércio Eletrônico: Compra coletiva, qual a real finalidade},
	Year = {2012},
	Address = {Universidade Federal da Paraíba, JP},
}

@article{oliveira:2012,
	Author = {Hélio Rodrigues de Oliveira and Bernadete Farias Lóscio},
	Title = {Web Semântica e Matching de Ontologias: Uma visão geral},
	Year = {2012},
	Address = {Universidade Federal do Ceará, CE},
}

@article{arruda2007,
	Author = {M. B. B. Arruda},
	Title = {Como fazer referências: bibliográficas, eletrônicas e demais
	formas de documentos},
	Year = {2007},
	Url = {http://bu.ufsc.br/framerefer.html}
}

@article{coimbra1978,
	Author = {A. L. Coimbra},
	Title = {Lessons of Continuum Mechanics},
	Year = {1978},
	Address = {São Paulo, Brazil},
	Pages = {428},
	Editor = {Edgard Blücher},
}

@inproceedings{bordalo1989,
	Author = {S. N. Bordalo and J. H. Ferziger and S. J. Kline},
	Title = {The Development of Zonal Models for Turbulence},
	Year = {1989},
	Pages = {41-44},
	Booktitle = {Proceedings of the 10th Brazilian Congress of Mechanical
	Engineering}, 
	Volume = {1},	
}

@manual{NBR14724:2011,
	Address = {Rio de Janeiro},
	Date-Added = {2012-12-15 20:34:08 +0000},
	Date-Modified = {2012-12-15 20:35:25 +0000},
	Month = mar,
	Org-Short = {ABNT},
	Organization = {Associa{\c c}\~ao Brasileira de Normas T\'ecnicas},
	Pages = 15,
	Subtitle = {Informa{\c c}\~ao e documenta{\c c}\~ao --- trabalhos acad\^emicos --- apresenta{\c c}\~ao},
	Title = {{NBR} 14724},
	Year = 2011
}

@manual{NBR6034:2000,
	Address = {Rio de Janeiro},
	Org-Short = {ABNT},
	Organization = {Associa{\c c}\~ao Brasileira de Normas T\'ecnicas},
	Subtitle = {Informa{\c c}\~ao e documenta{\c c}\~ao --- Referências},
	Title = {{NBR} 14724},
	Year = 2000
}

